@article{schuller2013paralinguistics,
  title={Paralinguistics in speech and languageâ€”state-of-the-art and the challenge},
  author={Schuller, Bj{\"o}rn and Steidl, Stefan and Batliner, Anton and Burkhardt, Felix and Devillers, Laurence and M{\"u}Ller, Christian and Narayanan, Shrikanth},
  journal={Computer Speech \& Language},
  volume={27},
  number={1},
  pages={4--39},
  year={2013},
  publisher={Elsevier}
}
@article{yang2022audio,
  title={Audio augmented reality: A systematic review of technologies, applications, and future research directions},
  author={Yang, Jing and Barde, Amit and Billinghurst, Mark},
  journal={journal of the audio engineering society},
  volume={70},
  number={10},
  pages={788--809},
  year={2022},
  publisher={Audio Engineering Society}
}
@article{brock2015interactive,
  title={Interactive audio-tactile maps for visually impaired people},
  author={Brock, Anke and Jouffrais, Christophe},
  journal={ACM SIGACCESS Accessibility and Computing},
  number={113},
  pages={3--12},
  year={2015},
  publisher={ACM New York, NY, USA}
}
@article{ren2020fastspeech,
  title={Fastspeech 2: Fast and high-quality end-to-end text to speech},
  author={Ren, Yi and Hu, Chenxu and Tan, Xu and Qin, Tao and Zhao, Sheng and Zhao, Zhou and Liu, Tie-Yan},
  journal={arXiv preprint arXiv:2006.04558},
  year={2020}
}
@article{inaguma2020espnet,
  title={ESPnet-ST: All-in-one speech translation toolkit},
  author={Inaguma, Hirofumi and Kiyono, Shun and Duh, Kevin and Karita, Shigeki and Soplin, Nelson Enrique Yalta and Hayashi, Tomoki and Watanabe, Shinji},
  journal={arXiv preprint arXiv:2004.10234},
  year={2020}
}
@inproceedings{gemmeke2017audio,
  title={Audio set: An ontology and human-labeled dataset for audio events},
  author={Gemmeke, Jort F and Ellis, Daniel PW and Freedman, Dylan and Jansen, Aren and Lawrence, Wade and Moore, R Channing and Plakal, Manoj and Ritter, Marvin},
  booktitle={2017 IEEE international conference on acoustics, speech and signal processing (ICASSP)},
  pages={776--780},
  year={2017},
  organization={IEEE}
}
@article{brown2020language,
  title={Language models are few-shot learners},
  author={Brown, Tom B},
  journal={arXiv preprint arXiv:2005.14165},
  year={2020}
}
@article{purwins2019deep,
  title={Deep learning for audio signal processing},
  author={Purwins, Hendrik and Li, Bo and Virtanen, Tuomas and Schl{\"u}ter, Jan and Chang, Shuo-Yiin and Sainath, Tara},
  journal={IEEE Journal of Selected Topics in Signal Processing},
  volume={13},
  number={2},
  pages={206--219},
  year={2019},
  publisher={IEEE}
}
@inproceedings{dong2018speech,
  title={Speech-transformer: a no-recurrence sequence-to-sequence model for speech recognition},
  author={Dong, Linhao and Xu, Shuang and Xu, Bo},
  booktitle={2018 IEEE international conference on acoustics, speech and signal processing (ICASSP)},
  pages={5884--5888},
  year={2018},
  organization={IEEE}
}
@article{ren2019fastspeech,
  title={Fastspeech: Fast, robust and controllable text to speech},
  author={Ren, Yi and Ruan, Yangjun and Tan, Xu and Qin, Tao and Zhao, Sheng and Zhao, Zhou and Liu, Tie-Yan},
  journal={Advances in neural information processing systems},
  volume={32},
  year={2019}
}
@article{wang2017tacotron,
  title={Tacotron: Towards end-to-end speech synthesis},
  author={Wang, Yuxuan and Skerry-Ryan, RJ and Stanton, Daisy and Wu, Yonghui and Weiss, Ron J and Jaitly, Navdeep and Yang, Zongheng and Xiao, Ying and Chen, Zhifeng and Bengio, Samy and others},
  journal={arXiv preprint arXiv:1703.10135},
  year={2017}
}
@INPROCEEDINGS{1386017,
  author={Wyse, L.},
  booktitle={11th International Multimedia Modelling Conference}, 
  title={Generative Sound Models}, 
  year={2005},
  volume={},
  number={},
  pages={370-377},
  keywords={Indexing;Production},
  doi={10.1109/MMMC.2005.43}}
@article{van2016wavenet,
  title={Wavenet: A generative model for raw audio},
  author={Van Den Oord, Aaron and Dieleman, Sander and Zen, Heiga and Simonyan, Karen and Vinyals, Oriol and Graves, Alex and Kalchbrenner, Nal and Senior, Andrew and Kavukcuoglu, Koray and others},
  journal={arXiv preprint arXiv:1609.03499},
  volume={12},
  year={2016}
}
@inproceedings{su2024sonifyar,
  title={SonifyAR: Context-Aware Sound Generation in Augmented Reality},
  author={Su, Xia and Froehlich, Jon E and Koh, Eunyee and Xiao, Chang},
  booktitle={Proceedings of the 37th Annual ACM Symposium on User Interface Software and Technology},
  pages={1--13},
  year={2024}
}
@article{wald2005enhancing,
  title={Enhancing accessibility through automatic speech recognition},
  author={Wald, M},
  journal={Proceedings of Accessible Design in the Digital World},
  year={2005}
}